[gd_scene load_steps=10 format=2]

[ext_resource path="res://Snake.tscn" type="PackedScene" id=1]
[ext_resource path="res://ScoreKeeper.gd" type="Script" id=2]
[ext_resource path="res://GameOverOverlay.gd" type="Script" id=3]
[ext_resource path="res://Arena.gd" type="Script" id=4]
[ext_resource path="res://theme.tres" type="Theme" id=5]
[ext_resource path="res://Background.svg" type="Texture" id=6]
[ext_resource path="res://Transition.tscn" type="PackedScene" id=7]
[ext_resource path="res://SoundSnakeDeath.gd" type="Script" id=8]
[ext_resource path="res://metalish_dong01.ogg" type="AudioStream" id=9]

[node name="Arena" type="Node2D"]
script = ExtResource( 4 )

[node name="Background" type="Sprite" parent="."]
z_index = -3
texture = ExtResource( 6 )
centered = false

[node name="Snake" parent="." instance=ExtResource( 1 )]

[node name="ScoreKeeper" type="RichTextLabel" parent="."]
margin_right = 1280.0
margin_bottom = 100.0
theme = ExtResource( 5 )
bbcode_enabled = true
bbcode_text = " 0"
text = " 0"
script = ExtResource( 2 )
__meta__ = {
"_edit_use_anchors_": false
}

[node name="GameOverOverlay" type="ColorRect" parent="."]
visible = false
margin_right = 1280.0
margin_bottom = 720.0
theme = ExtResource( 5 )
color = Color( 0.341176, 0.113725, 0.113725, 0.278431 )
script = ExtResource( 3 )
__meta__ = {
"_edit_use_anchors_": false
}

[node name="VBoxContainer" type="VBoxContainer" parent="GameOverOverlay"]
anchor_left = 0.5
anchor_top = 0.5
anchor_right = 0.5
anchor_bottom = 0.5
margin_left = -200.0
margin_top = -225.0
margin_right = 200.0
margin_bottom = 225.0
rect_min_size = Vector2( 400, 450 )
__meta__ = {
"_edit_use_anchors_": false
}

[node name="FinalScoreLabel" type="RichTextLabel" parent="GameOverOverlay/VBoxContainer"]
margin_right = 400.0
margin_bottom = 168.0
rect_clip_content = false
bbcode_enabled = true
fit_content_height = true

[node name="ButtonPlayAgain" type="Button" parent="GameOverOverlay/VBoxContainer"]
margin_top = 172.0
margin_right = 400.0
margin_bottom = 256.0
text = "Play Again"
__meta__ = {
"_edit_use_anchors_": false
}

[node name="ButtonMainMenu" type="Button" parent="GameOverOverlay/VBoxContainer"]
margin_top = 260.0
margin_right = 400.0
margin_bottom = 344.0
text = "Main Menu"
__meta__ = {
"_edit_use_anchors_": false
}

[node name="SoundSnakeDeath" type="AudioStreamPlayer" parent="GameOverOverlay"]
stream = ExtResource( 9 )
volume_db = 2.0
pitch_scale = 0.5
script = ExtResource( 8 )

[node name="Transition" parent="." instance=ExtResource( 7 )]

[connection signal="pressed" from="GameOverOverlay/VBoxContainer/ButtonPlayAgain" to="." method="_on_ButtonPlayAgain_pressed"]
[connection signal="pressed" from="GameOverOverlay/VBoxContainer/ButtonMainMenu" to="." method="_on_ButtonMainMenu_pressed"]
